@techreport{BP:201806 ,
author = {{British Petroleum}},
title = {BP Statistical Review of World Energy},
editor = {British Petroleum Editorial Group},
year = {1985},
month = {June}
}

@book{Azapagic:2011 ,
author = {A Azapagic, S Perdan},
title = {Sustainable Development in Practice},
volume = {2nd ed.},
publisher = {Wiley-Blackwell},
address = {Oxford},
year = {2011}
}