@article{Cox:1991,
author = {I J Cox},
title = {Blanche: An experiment in guidance and navigation of an autonomous robot vehicle},
journal = {IEEE Trans. Robotics Automat},
volume = {7},
year = {1991},
pages = {193-204}
}

@article{Wang:1988,
author = {C Ming Wang},
title = {Location estimation and uncertainty analysis for mobile robots},
journal = {Proceedings from IEEE International Conference on Robotics and Automation},
year = {1988},
pages = {1231-1235}
}

@article{Thrun:2001,
author = {S Thrun and D Fox and W Burgard and F Dellaert},
title = {Robust monte carlo localisation for mobile robots},
journal = {Artificial Intelligence},
year = {2001}
}

@article{Thrun:1999,
author = {S Thrun and D Fox and W Burgard},
title = {Markov localisation for mobile robots in dynamic environments},
journal = {Journal of Atrificial Intelligence Research},
volume = {11},
year = {2001},
pages = {391-427}
}